@article{Broeckhove1988,
  title={On the equivalence of time-dependent variational principles},
  author={Broeckhove, J and Lathouwers, L and Kesteloot, E and Van Leuven, P},
  journal={Chemical physics letters},
  volume={149},
  number={5-6},
  pages={547--550},
  year={1988},
  publisher={Elsevier}
}